<collection xmlns="http://www.loc.gov/MARC21/slim">
<record>
  <leader>01195nam0a22002531i 450 </leader>
  <controlfield tag="001">IT\ICCU\CNCE\072562</controlfield>
  <controlfield tag="005">20080314000000.0</controlfield>
  <datafield tag="012" ind1=" " ind2=" ">
    <subfield code="a">e.i- a-o. maa- Mone (3) 1578 (Q)</subfield>
    <subfield code="2">fei</subfield>
  </datafield>
  <datafield tag="100" ind1=" " ind2=" ">
    <subfield code="a">20080314f1578        0itac0103    ba</subfield>
  </datafield>
  <datafield tag="101" ind1=" " ind2=" ">
    <subfield code="a">ITA</subfield>
  </datafield>
  <datafield tag="102" ind1=" " ind2=" ">
    <subfield code="a">IT</subfield>
  </datafield>
  <datafield tag="200" ind1="1" ind2=" ">
    <subfield code="a">Decreti generali del reuerendiss. vescouo di Famagosta visitator apostolico. Fatti nella visita della citt,̉ e diocesi di Tortona l&apos;anno 1576 stampati di ordine del reuerendiss. vescouo di detta citt.̉ Insieme con i decreti pertinenti alle cose materiali</subfield>
  </datafield>
  <datafield tag="210" ind1=" " ind2=" ">
    <subfield code="a">In Alessandria</subfield>
    <subfield code="c">appresso Ercole Quintiano</subfield>
    <subfield code="d">\dopo il 1578!</subfield>
  </datafield>
  <datafield tag="215" ind1=" " ind2=" ">
    <subfield code="a">40 c.</subfield>
    <subfield code="d">8ʻ</subfield>
  </datafield>
  <datafield tag="300" ind1=" " ind2=" ">
    <subfield code="a">La data si ricava dall&apos;attivit ̉del tipografo</subfield>
  </datafield>
  <datafield tag="620" ind1=" " ind2=" ">
    <subfield code="a">IT</subfield>
    <subfield code="d">Alessandria</subfield>
  </datafield>
  <datafield tag="710" ind1="0" ind2="2">
    <subfield code="a">Tortona</subfield>
    <subfield code="c"> &lt;Diocesi&gt;</subfield>
    <subfield code="3">18059</subfield>
  </datafield>
  <datafield tag="712" ind1="0" ind2="0">
    <subfield code="a">Quinciano, Ercole</subfield>
    <subfield code="3">IT\ICCU\CNCT\000572</subfield>
    <subfield code="4">650</subfield>
  </datafield>
  <datafield tag="791" ind1="0" ind2="0">
    <subfield code="a">Quinzano, Ercole</subfield>
    <subfield code="3">IT\ICCU\CNCT\002540</subfield>
    <subfield code="z">Quinciano, Ercole</subfield>
  </datafield>
  <datafield tag="791" ind1="0" ind2="0">
    <subfield code="a">Quintanus, Hercules</subfield>
    <subfield code="3">IT\ICCU\CNCT\004063</subfield>
    <subfield code="z">Quinciano, Ercole</subfield>
  </datafield>
  <datafield tag="791" ind1="0" ind2="0">
    <subfield code="a">Quinctianus, Hercules</subfield>
    <subfield code="3">IT\ICCU\CNCT\005272</subfield>
    <subfield code="z">Quinciano, Ercole</subfield>
  </datafield>
  <datafield tag="791" ind1="0" ind2="0">
    <subfield code="a">Quintiano, Ercole</subfield>
    <subfield code="3">IT\ICCU\CNCT\005273</subfield>
    <subfield code="z">Quinciano, Ercole</subfield>
  </datafield>
  <datafield tag="801" ind1=" " ind2="3">
    <subfield code="a">IT</subfield>
    <subfield code="b">ICCU</subfield>
    <subfield code="c">20201115</subfield>
  </datafield>
  <datafield tag="899" ind1=" " ind2=" ">
    <subfield code="a">Biblioteca Angelica. Roma</subfield>
    <subfield code="1">RM0290</subfield>
    <subfield code="2">RML 06</subfield>
  </datafield>
</record>
</collection>
